% ГОСТ Р 7.0.11-2011, Приложение Б, Книги

@online{fstec-21,
    author = {ФЕДЕРАЛЬНАЯ СЛУЖБА ПО ТЕХНИЧЕСКОМУ И ЭКСПОРТНОМУ КОНТРОЛЮ},
    title  = {},
    url = {https://fstec.ru/normotvorcheskaya/akty/53-prikazy/691-prikaz-fstek-rossii-ot-18-fevralya-2013-g-n-21},
    year = {2013},
    urldate = {2017-11-14},
}
@online{stuxnet,
    author = {Анатолий Ализар},
    title  = {Stuxnet был частью операции <<Олимпийские игры>>, которая началась еще при Буше},
    url = {https://xakep.ru/2012/06/02/58789/},
    year = {2012},
    urldate = {2012-06-02},
}
@online{undeclared-capabilities-antimalware,
    author = {anti-malware.ru},
    title  = {Недекларированные возможности},
    url = {https://www.anti-malware.ru/threats/undeclared-capabilities},
}
@online{ken-thompson-hack,
    author = {Кен Томпсон},
    title  = {Ken Thompson Hack},
    url = {http://wiki.c2.com/?TheKenThompsonHack},
    year = {1984},
}
@online{compile-a-virus,
    author = {SophosLabs},
    title  = {Compile-a-virus – W32/Induc-A},
    url = {https://nakedsecurity.sophos.com/2009/08/18/compileavirus/},
    year = {2009},
    urldate = {2009-08-18},
}
@online{c-static-analysis,
    author = {Александр Алексеев},
    title  = {Краткий обзор статических анализаторов кода на C/C++},
    url = {https://eax.me/c-static-analysis/},
    year = {2016},
    urldate = {2016-05-11},
}
@online{microsoft-application-inspector,
    author = {Microsoft},
    title  = {Application Inspector},
    url = {https://github.com/microsoft/ApplicationInspector},
    year = {2019},
}
@online{sci-tools-understand,
    author = {scitools},
    title  = {Features},
    url = {https://scitools.com/features/},
}
@online{gnu-cflow,
    author = {Сергей Позняков},
    title  = {GNU cflow},
    url = {https://www.gnu.org/software/cflow/},
}
@online{gdb,
    author = {Free Software Foundation, Inc.},
    title  = {GNU Debugger},
    url = {https://www.gnu.org/software/gdb/},
}
@online{qemu,
    author = {Fabrice Bellard},
    title  = {QEMU},
    url = {https://www.qemu.org/},
}
@online{nim,
    author = {Andreas Rumpf},
    title  = {Nim},
    url = {https://nim-lang.org/},
}
@online{python,
    author = {Guido van Rossum},
    title  = {python},
    url = {https://www.python.org/},
}
@online{perl,
    author = {Larry Wall},
    title  = {Perl},
    url = {https://www.perl.org/},
}
